 % Grundlagen
 @book{abbate2000inventing,
  title={Inventing the internet},
  author={Abbate, Janet},
  year={2000},
  publisher={MIT press}
}

% Donald Watts Davies: Packet Switching, 1963

@article{baran1964distributed,
  title={On distributed communications},
  author={Baran, Paul and others},
  journal={Volumes I-XI, RAND Corporation Research Documents, August},
  pages={637--648},
  year={1964}
}

@article{hoffman2002defining,
  title={Defining the IETF},
  author={Hoffman, Paul and Bradner, Scott},
  year={2002},
  url={http://www.ietf.org/rfc/rfc3233.txt}
}

@article{krol1989hitchhikers,
  title={Hitchhikers guide to the Internet},
  author={Krol, Ed},
  year={1989}
}

@article{zakon1997hobbes,
  title={Hobbes' Internet Timeline},
  author={Zakon, Robert H},
  year={1997}
}

@article{nazar2014hyper,
  title={The Hyper Text Coffee Pot Control Protocol for Tea Efflux Appliances (HTCPCP-TEA)},
  author={Nazar, I},
  year={2014}
}

% RFC 2325 Definitions of Managed Objects for Drip-Type Heated Beverage Hardware Devices using SMIv2 M. Slavitch [ Apr-01-1998 ] â€“ Informational

